@ARTICLE{ velev05,
AUTHOR = "M. N. Velev and R. E. Bryant",
TITLE = "{TLSim and EVC}: A Term-level Symbolic Simulator and An Efficient Decision Procedure for the Logic of Equality with Uninterpreted functions and Memories",
JOURNAL = "International Journal on Embedded Systems",
PAGES = {134-149},
YEAR = {2005},
doi = "10.1504/IJES.2005.008815"
}

@MISC{googledecoder,
  title = "{{WebM.} VP9 Video Hardware RTL}",
  howpublished = "{\url{http://www.webmproject.org/hardware/vp9/}}",
  note = "{Accessed: September 11, 2016}"
}

@MISC{tea,
  title = "{{TEA} Wkipedia}",
  howpublished = "{\url{https://en.wikipedia.org/wiki/Tiny_Encryption_Algorithm}}",
  note = "{Accessed: September 11, 2016}"
}

@inproceedings{book-tea1,
  added-at = {2008-01-01T00:00:00.000+0100},
  author = {Wheeler, David J. and Needham, Roger M.},
  biburl = {http://www.bibsonomy.org/bibtex/2e9c7192ceb44f51cb79c90c120aeeec0/dblp},
  booktitle = {FSE},
  date = {2008-01-01},
  description = {dblp},
  editor = {Preneel, Bart},
  interhash = {23e63f5bc28108a9bdd28dfeb1a8a3bc},
  intrahash = {e9c7192ceb44f51cb79c90c120aeeec0},
  keywords = {dblp},
  pages = {363-366},
  publisher = {Springer},
  series = {Lecture Notes in Computer Science},
  timestamp = {2008-01-03T11:24:17.000+0100},
  title = {TEA, a Tiny Encryption Algorithm.},
  url = {http://dblp.uni-trier.de/db/conf/fse/fse94.html#WheelerN94},
  volume = 1008,
  year = 1994
}



@MISC{llvmphi,
  title = "{{Phi Operator} LLVM reference manual}",
  howpublished = "{\url{http://llvm.org/releases/2.9/docs/LangRef.html#i_phi}}",
  note = "{Accessed: September 29, 2016}"
}

@article{lin:survey-97,
 author = {Lin, Youn-Long},
 title = {Recent Developments in High-level Synthesis},
 journal = {ACM Trans. Des. Autom. Electron. Syst.},
 issue_date = {Jan. 1997},
 volume = {2},
 number = {1},
 month = jan,
 year = {1997},
 issn = {1084-4309},
 pages = {2--21},
 numpages = {20},
 url = {http://doi.acm.org/10.1145/250243.250245},
 doi = {10.1145/250243.250245},
 acmid = {250245},
 publisher = {ACM},
 address = {New York, NY, USA},
 keywords = {VLSI design, design automation, design methodology, high level synthesis},
} 






@article{dlp:social,
  author = "R. A. {De Millo} and R. J. Lipton and A. J. Perlis",
  title  = "{Social Processes and Proofs of Theorems and Programs}",
  journal = "Communications of the ACM",
  volume = "22",
  number = "5",
  pages   = "271--280",
  year   = "1979",
  doi = "10.1145/359104.359106"
}

@MISC{Moussa99,
    author = "{I. Moussa and Z. Sugar and R. Suescun and A. A. Jerraya and M. Diaz-Nava and M. Pavesi and S. Crudo and L. Gazzi}",
    title = "{Comparing RTL and Behavioral Design Methodologies in the Case of a 2M Transistors ATM Shaper}",
    year = "{1999}",
    doi = "10.1145/309847.310006"
}

@Book{car,
  author    = "M. Kaufmann and P. Manolios and J S. Moore",
  title     = "Computer-Aided Reasoning: An Approach",
  publisher = "Kluwer Academic Publishers",
  address   = "{Boston, MA}",
  year      = 2000,
  month     = jun,
  doi       = "10.1007/978-1-4757-3188-0",
}

@Book{graham,
  author    = "Brian T. Graham",
  title     = "The SECD Microprocessor: A Verification Case Study",
  publisher = "Kluwer Academic Publishers",
  address   = "{Boston, MA}",
  year      = 2012
}

@Book{car2,
  author    = "M. Kaufmann and P. Manolios and J S. Moore",
  title     = "Computer-Aided Reasoning: ACL2 Case Studies",
  publisher = "Kluwer Academic Publishers",
  address   = "{Boston, MA}",
  year      = 2000,
  month     = jun
}

@book{Hardin,
 author = {Hardin, David S.},
 title = {Design and Verification of Microprocessor Systems for High-Assurance Applications},
 year = {2010},
 isbn = {1441915389, 9781441915382},
 edition = {1st},
 publisher = {Springer Publishing Company, Incorporated}
} 

@Inproceedings{ray-connecting,
  author    = "S. Ray and Hunt, Jr., W. A.",
  title     = "{Connecting Pre-Silicon and Post-silicon Verification}",
  editor    = "A. Biere and C. Pixley",
  booktitle = "{Proceedings of the $9$th International Conference on 
                Formal Methods in Computer-Aided Design (FMCAD 2009)}",
  address   = "{Austin, TX}",
  month     = nov,
  pages     = "160--163",
  year      = 2009,
  publisher = "IEEE Computer Society"
}

@Inproceedings{ray-abstracting,
  author    = "S. Ray and J. Bhadra",
  title     = "{Abstracting and Verifying Flash Memories}",
  editor    = "K. Campbell",
  booktitle = "{Proceedings of the $9$th Non-Volatile Memory 
                Technology Symposium (NVMTS 2008)}",
  address   = "{Pacific Grove, CA}",
  month     = nov,
  pages     = "100-104",
  year      = 2008,
  publisher = "IEEE"
}

@Inproceedings{ray-certification,
  author    = "S. Ray and Hunt, Jr., W. A.",
  title     = "{Mechanized Certification of Secure Hardware Designs}",
  booktitle = "{Proceedings of the 8th International Workshop on Microprocessor Test and Verification, 
                Common Challenges and Solutions (MTV 2007)}",
  editor    = "M. S. Abadir and L. Wang and J. Bhadra",
  address   = "{Austin, TX}",
  month     = dec,
  year      = "2007",
  pages     = "25-32",
  publisher = "IEEE Computer Society"
}

@Book{acl2-sandip,
  author    = "Sandip Ray",
  title     = "Scalable Techniques for Formal Verification",
  year      = 2010
}

@Article{sh:pipeline,
 author     = "J. Sawada and Hunt, Jr., W. A.",
 title      = "{Verification of FM9801: An Out-of-Order Microprocessor
                Model with Speculative Execution, Exceptions, and
                Program-Modifying Capability}",
 journal    = "Formal Methods in Systems Design (FMSD)",
 volume     = "20",
 number     = "2",
 pages      = "187-222",
 year       = "2002",
 doi        = "10.1023/A:1014122630277"
}

@Inproceedings{moore-fmcad-tutorial,
   author    = "J S. Moore",
   title     = "{The Role of Human Creativity in Mechanized Verification}",
   booktitle = "{Proceedings of the $11$th International Conference on Formal Methods in Computer-Aided Design (FMCAD 2011)}",
   editor    = "P. Bjesse and A. {Slobodov\'{a}}",
   year      = "2011",
   pages     = "18"
}

@Book{spark,
  author     = "D. Gajski and N. D. Dutt and A. Wu and S. Lin",
  title      = "{High Level Synthesis: Introduction to Chip and System Design}",
  publisher  = "Kluwer Academic Publishers",
  OPTaddress    = "{Norwell, MA}",
  year       = "1993"
}

@Inbook{kundu2008,
author="Kundu, Sudipta
and Lerner, Sorin
and Gupta, Rajesh",
editor="Gupta, Aarti
and Malik, Sharad",
title="Validating High-Level Synthesis",
bookTitle="Computer Aided Verification: 20th International Conference, CAV 2008 Princeton, NJ, USA, July 7-14, 2008 Proceedings",
year="2008",
publisher="Springer Berlin Heidelberg",
address="Berlin, Heidelberg",
pages="459--472",
isbn="978-3-540-70545-1",
doi="10.1007/978-3-540-70545-1_44",
url="http://dx.doi.org/10.1007/978-3-540-70545-1_44"
}

@Inproceedings{aagard-day:compare,
   author    = "M. Aagaard and B. Cook  and N. Day and R. B. Jones",
   title     = "{A Framework for  Microprocessor Correctness Statements}",
   booktitle = "Proc. of CHARME",
   OPTbooktitle = "{Proceedings of the $11$th International Conference on Correct Hardware Design and Verification Methods (CHARME 2001)}",
   OPTseries    = "{LNCS}",
   OPTvolume    = "2144",
   OPTeditor    = "T. Margaria and T. F. Melham",
   pages     = "443-448",
   OPTpublisher = "{Springer-Verlag}",
   year      = "2001"
}

@InProceedings{llvm,
    author    = "C. Lattner and V. Adve",
    title     = "{LLVM: A Compilation Framework for Lifelong Program Analysis \& Transformation}",
    booktitle = "{Proceedings of the 2004 International Symposium on Code Generation and Optimization (CGO 2004)}",
    month     = mar,
    year      = "2004",
    pages     = "75--84"
  }


@Inproceedings{bd:pipeline,
  author      = "J. R. Burch and D. L. Dill",
  title       = "{Automatic Verification of Pipelined Microprocessor Control}",
  booktitle   = "{Proceedings of the $6$th International Conference on                  Computer-Aided Verification (CAV 1994)}",
  editor      = "D. L. Dill",
  series      = "{LNCS}",
  publisher   = "{Springer-Verlag}",
  volume      = "818",
  pages       = "68-80",
  year        = "1994",
  OPTdoi         = "{10.1007/3-540-58179-0_44}" 
}

@Inproceedings{bt:pipeline,
  author       = "A. Bronstein and T. L. Talcott",
  title        = "{Formal Verification of Pipelines based on String-functional Semantics}",
  booktitle    = "{Formal VLSI Correctness Verification, VLSI Design Methods II}",
  OPTeditor       = "L. J. M. Claesen",
  pages        = "349-366",
  year         = "1990"
}

@Inproceedings{hgs:pipeline-cav,
  author      = "R. Hosabettu and G. Gopalakrishnan and M. Srivas",
  title       = "{Verifying Advanced Microarchitectures that Support Speculation and
                  Exceptions}",
  booktitle   = "Proc. of CAV",
  OPTbooktitle   = "{Proceedings of the $12$th International Conference on
                  Computer-Aided Verification (CAV 2000)}",
  OPTeditor      = "E. A. Emerson and A. P. Sistla",
  OPTseries      = "LNCS",
  year        = "2000",
  OPTvolume      = "1855",
  OPTpublisher   = "{Springer-Verlag}",
  OPTmonth       = jul
}

@Inproceedings{bgv:pipeline,
  author      = "R. E. Bryant and S. German and M. N. Velev",
  title       =  "{Exploiting Positive Equality in a Logic of Equality
                   with Uninterpreted Functions}",
  booktitle   = "Proc. of CAV",
  OPTbooktitle   = "{Proceedings of the $11$th International Conference on
                  Computer-Aided Verification (CAV 1999)}",
  OPTeditor      = "N. Halbwachs and D. Peled",
  OPTseries      = "{LNCS}",
  OPTvolume      = "1633",
  pages       = "470-482",
  year        = "1999",
  OPTpublisher   = "{Springer-Verlag}"
}

@Inproceedings{pm:pipelines,
  author     = "P. Manolios",
  title      = "{Correctness of Pipelined Machines}",
  booktitle  = "{Proceedings of the $3$rd International Conference on
                 Formal Methods in Computer-Aided Design (FMCAD 2000)}",
  editor     = "Hunt, Jr., W. A. and S. D. Johnson",
  series     = "LNCS",
  volume     = "1954",
  pages      = "161-178",
  address    = "Austin, TX",
  publisher  = "{Springer-Verlag}",
  year       = "2000"
}

@Inproceedings{lb:pipeline,
  author      = "S. K. Lahiri and R. E. Bryant",
  title       =  "{Deductive Verification of Advanced Out-of-Order Microprocessors}",
  booktitle   = "Proc. of CAV",
  OPTbooktitle   = "{Proceedings of the $15$th International Conference on
                  Computer-Aided Verification (CAV 2003)}",
  OPTeditor      = "Hunt, Jr., W. A. and F. Somenzi",
  OPTseries      = "{LNCS}",
  OPTvolume      = "2275",
  pages       = "341-354",
  OPTmonth       = jul,
  year        = "2003",
  OPTpublisher   = "{Springer-Verlag}"
}

@Inproceedings{rh:pipelines,
  author    = "S. Ray and Hunt, Jr., W. A.",
  title     = "{Deductive Verification of Pipelined Machines Using First-Order Quantification}",
  booktitle = "{Proceedings of the $16$th International Conference on Computer-Aided Verification (CAV 2004)}",
  editor    = "R. Alur and D. A. Peled",
  year      = "2004",
  series    = "LNCS",
  volume    = "3114",
  pages     = "31-43",
  publisher = "Springer-Verlag"
}

@Inproceedings{rhcxy:atva-09,
  author    = "S. Ray and K. Hao and F. Xie and J. Yang",
  title     = "{Formal Verification for High-Assurance Behavioral Synthesis}",
  booktitle = "{Proceedings of the 7th International Symposium on Automated
                Technology for Verification and Analysis (ATVA 2009)}",
  editor    = "Z. Liu and A. P. Ravn",
  address   = "{Macao SAR, China}",
  month     = oct,
  year      = "2009",
  series    = "LNCS",
  volume    = "5799",
  pages     = "337-351",
  publisher = "Springer"
}

@Inproceedings{hxry:date-10,
  author    = "K. Hao and F. Xie and S. Ray and J. Yang",
  title     = {Optimizing Equivalence Checking for Behavioral Synthesis},
  booktitle = "{Design, Automation and Test in Europe (DATE 2010)}",
  year      = {2010},
  pages     = "1500--1505",
  publisher = "{IEEE}"
}

@Inproceedings{disha-itp14,
  author = "D. Puri and S. Ray and K. Hao and F. Xie",
  title = {Mechanical Certification of Loop Pipelining Transformations: A Preview},
  editor = "G. Klein and R. Gamboa",
  booktitle = {$4$th International Conference on Interactive Theorem Proving (ITP 2014)},
  year = 2014,
  publisher = {Springer},
  series = "LNCS",
  volume = 7998,
  }

@Inproceedings{disha-acl214,
  author = "D. Puri and S. Ray and K. Hao and F. Xie",
  title = {Using ACL2 to Verify Loop Pipelining in Behavioral Synthesis},
  booktitle = {International Workshop on the ACL2 Theorem Prover and its Applications, ACL2 2014},
  year = 2014,
  }

@Inproceedings{zhenkun:iccd-13,
  author    = "Z. Yang and K. Hao and K. Cong and F. Xie and S. Ray",
  title     = "{Equivalence Checking for Compiler Transformations in Behavioral Synthesis}",
  booktitle = "{$31$st International Conference on Computer Design (ICCD 2013)}",
  year      = "2013",
  pages     = "491--494",
  doi       = "10.1109/ICCD.2013.6657090"
}

@Inproceedings{hrx:dac-12,
 author     = "K. Hao and S. Ray and F. Xie",
 title      = "{Equivalence Checking for Behaviorally Synthesized Pipelines}",
 booktitle  = "{$49$th International ACM/EDAC/IEEE Design Automation Conference (DAC 2012)}",
 editor     = "P. Groeneveld and D. Sciuto and S. Hassoun",
 publisher  = "ACM",
 pages      = "344--349",
 year       = "2012",
 doi        = "10.1145/2228360.2228423"
}



@Inproceedings{tl:software-popl10,
  author    = "J. Tristan and X. Leroy",
  title     = "{A Simple, Verified Validator for Software Pipelining}",
  pages     = "83--92",
  editor    = "M. V. Hemenegildo and J. Palsberg",
  booktitle = "{Proceedings of the $37$th ACM SIGPLAN-SIGACT
                Symposium on Principles of Programming Languages (POPL 2010)}",
  month     = jan,
  year      = "2010"
}

@MANUAL{vivado-reference,
   organization = {Xilinx},
   title = "{Vivado Design Suite Reference Manual}",
   year = "{2014}"
}

@MANUAL{autoesl,
   organization = {Xilinx},
   title = {AutoESL Reference Manual},
   year = {2011}
}

@MANUAL{catapult,
   organization = {Calypto},
   title = {Catapult Reference Manual},
   year = {2014}
}

@MANUAL{ctos,
   organization = {Cadence},
   title = "{C-to-Silicon Reference Manual}",
   year = "{2011}"
}

@Inbook{forte,
author="Meredith, Michael",
editor="Coussy, Philippe
and Morawiec, Adam",
title="High-Level SystemC Synthesis with Forte's Cynthesizer",
bookTitle="High-Level Synthesis: From Algorithm to Digital Circuit",
year="2008",
publisher="Springer Netherlands",
address="Dordrecht",
pages="75--97",
isbn="978-1-4020-8588-8",
doi="10.1007/978-1-4020-8588-8_5",
url="http://dx.doi.org/10.1007/978-1-4020-8588-8_5"
}

@MANUAL{forte-reference,
   organization = {Forte},
   title = "{Cynthesizer Reference Manual}",
   year = "{2011}"
}

@MANUAL{legup-reference,
   organization = {University of Toronto},
   title = "{LegUp Documentation Release 3.0}",
   year = "{2013}"
}

@article{legup,
 author = {Canis, Andrew and Choi, Jongsok and Aldham, Mark and Zhang, Victor and Kammoona, Ahmed and Czajkowski, Tomasz and Brown, Stephen D. and Anderson, Jason H.},
 title = {LegUp: An Open-source High-level Synthesis Tool for FPGA-based Processor/Accelerator Systems},
 journal = {ACM Trans. Embed. Comput. Syst.},
 issue_date = {September 2013},
 volume = {13},
 number = {2},
 month = sep,
 year = {2013},
 issn = {1539-9087},
 pages = {24:1--24:27},
 articleno = {24},
 numpages = {27},
 url = {http://doi.acm.org/10.1145/2514740},
 doi = {10.1145/2514740},
 acmid = {2514740},
 publisher = {ACM},
 address = {New York, NY, USA},
 keywords = {FPGAs, High-level synthesis, field-programmable gate arrays, hardware/software codesign, performance, power, synthesis}
}

@INPROCEEDINGS{xpilot,
author={Cong, J. and Fan, Y. and Han, G. and Jiang, W. and Zhang, Z.},
booktitle={2006 IEEE International SoC Conference}, 
title={Platform-Based Behavior-Level and System-Level Synthesis},
year={2006},
pages={199-202},
publisher = "IEEE",
doi={10.1109/SOCC.2006.283880},}

@INPROCEEDINGS{klee,
 author = {Cadar, Cristian and Dunbar, Daniel and Engler, Dawson},
 title = {KLEE: unassisted and automatic generation of high-coverage tests for complex systems programs},
 booktitle = {Proceedings of the 8th USENIX conference on Operating systems design and implementation},
 series = {OSDI'08},
 year = {2008},
 location = {San Diego, California},
 pages = {209--224},
 numpages = {16},
 url = {http://dl.acm.org/citation.cfm?id=1855741.1855756},
 acmid = {1855756},
 publisher = {USENIX Association},
 address = {Berkeley, CA, USA},
}

@article{liu,
 author = {Liu, Hanbing and Moore, J. Strother},
 title = {Executable JVM model for analytical reasoning: a study},
 journal = {Sci. Comput. Program.},
 issue_date = {September 2005},
 volume = {57},
 number = {3},
 month = sep,
 year = {2005},
 issn = {0167-6423},
 pages = {253--274},
 numpages = {22},
 url = {http://dx.doi.org/10.1016/j.scico.2004.07.004},
 doi = {10.1016/j.scico.2004.07.004},
 acmid = {1196212},
 publisher = {Elsevier North-Holland, Inc.},
 address = {Amsterdam, The Netherlands, The Netherlands},
 keywords = {JVM model, bytecode verification, formal methods, program verification, simulator, software specification, virtual machine},
}

@MISC{eetimes,
	author = "{Michael Meredith}",
	title = "{A look inside behavioral synthesis}",
	year = "{2004}"
} 

@article{McCarthy,
 author = {McCarthy, John},
 title = {Recursive functions of symbolic expressions and their computation by machine, Part I},
 journal = {Commun. ACM},
 issue_date = {April 1960},
 volume = {3},
 number = {4},
 month = apr,
 year = {1960},
 issn = {0001-0782},
 pages = {184--195},
 numpages = {12},
 url = {http://doi.acm.org/10.1145/367177.367199},
 doi = {10.1145/367177.367199},
 acmid = {367199},
 publisher = {ACM},
 address = {New York, NY, USA},
} 

@article{GMT09,
  author = {Coussy, Philippe and Gajski, Daniel D. and Meredith, Michael and Takach, Andrés},
  ee = {http://doi.ieeecomputersociety.org/10.1109/MDT.2009.69},
  journal = {IEEE Design \& Test of Computers},
  number = 4,
  pages = {8-17},
  title = {An Introduction to High-Level Synthesis.},
  url = {http://dblp.uni-trier.de/db/journals/dt/dt26.html#CoussyGMT09},
  volume = 26,
  year = 2009
}

@article{arm,
author = {V.A. Patankar and A. Jain and R.E. Bryant},
title = {Formal Verification of an ARM Processor},
journal ={VLSI Design, International Conference on},
volume = {0},
issn = {1063-9667},
year = {1999},
pages = {282},
doi = {http://doi.ieeecomputersociety.org/10.1109/ICVD.1999.745161},
publisher = {IEEE Computer Society},
address = {Los Alamitos, CA, USA},
}

@Inbook{Wang2014,
author="Wang, Danghui and Li, Yongda and Huang, Xiaoping",
editor="Jeong, Young Hwa and S. Obaidat, Mohammad and Yen, Y. Neil and Park, Hyuk) James J. (Jong",
title="Pipeline Verification via Closed-Loop Feedback",
bookTitle="Advances in Computer Science and its Applications: CSA 2013",
year="2014",
publisher="Springer Berlin Heidelberg",
address="Berlin, Heidelberg",
pages="621--626",
isbn="978-3-642-41674-3",
doi="10.1007/978-3-642-41674-3_89",
url="http://dx.doi.org/10.1007/978-3-642-41674-3_89"
}

@MISC{Russinoff,
	author = "{DavidRussinoff and Matt Kaufmann and Eric Smith and Robert Sumners}",
	title = "{Formal Verification of Floating-Point RTL at AMD Using the ACL2 Theorem Prover}",
	year = "{2014}"
} 

@inproceedings{pvs,
    AUTHOR = {{S.} Owre and {J.} {M.} Rushby and and {N.} Shankar},
    TITLE = {{PVS:} {A} Prototype Verification System},
    BOOKTITLE = {11th International Conference on Automated Deduction (CADE)},
    YEAR = {1992},
    EDITOR = {Deepak Kapur},
    SERIES = {Lecture Notes in Artificial Intelligence},
    VOLUME = {607},
    PAGES = {748--752},
    ADDRESS = {Saratoga, {NY}},
    MONTH = {jun},
    PUBLISHER = {Springer-Verlag},
    URL = {http://www.csl.sri.com/papers/cade92-pvs/}
}

@TECHREPORT{Cyrluk94,
    author = {David Cyrluk},
    title = {Microprocessor Verification in PVS - A Methodology and Simple Example},
    institution = {},
    year = {1994}
}

@Inbook{Skakkebæk1998,
author="Skakkeb{\ae}k, Jens U.
and Jones, Robert B.
and Dill, David L.",
editor="Hu, Alan J.
and Vardi, Moshe Y.",
title="Formal verification of out-of-order execution using incremental flushing",
bookTitle="Computer Aided Verification: 10th International Conference, CAV'98 Vancouver, BC, Canada, June 28 -- July 2, 1998 Proceedings",
year="1998",
publisher="Springer Berlin Heidelberg",
address="Berlin, Heidelberg",
pages="98--109",
isbn="978-3-540-69339-0",
doi="10.1007/BFb0028737",
url="http://dx.doi.org/10.1007/BFb0028737"
}

@Inbook{Velev2000,
author="Velev, Miroslav N.",
editor="Emerson, E. Allen
and Sistla, Aravinda Prasad",
title="Formal Verification of VLIW Microprocessors with Speculative Execution",
bookTitle="Computer Aided Verification: 12th International Conference, CAV 2000, Chicago, IL, USA, July 15-19, 2000. Proceedings",
year="2000",
publisher="Springer Berlin Heidelberg",
address="Berlin, Heidelberg",
pages="296--311",
isbn="978-3-540-45047-4",
doi="10.1007/10722167_24",
url="http://dx.doi.org/10.1007/10722167_24"
}

@inproceedings{VelevBryant2000,
 author = {Velev, Miroslav N. and Bryant, Randal E.},
 title = {Formal Verification of Superscale Microprocessors with Multicycle Functional Units, Exception, and Branch Prediction},
 booktitle = {Proceedings of the 37th Annual Design Automation Conference},
 series = {DAC '00},
 year = {2000},
 isbn = {1-58113-187-9},
 location = {Los Angeles, California, USA},
 pages = {112--117},
 numpages = {6},
 url = {http://doi.acm.org/10.1145/337292.337331},
 doi = {10.1145/337292.337331},
 acmid = {337331},
 publisher = {ACM},
 address = {New York, NY, USA},
}

@article{Huggins1998,
 author = {Huggins, James K. and Campenhout, David Van},
 title = {Specification and Verification of Pipelining in the ARM2 RISC Microprocessor},
 journal = {ACM Trans. Des. Autom. Electron. Syst.},
 issue_date = {Oct. 1998},
 volume = {3},
 number = {4},
 month = oct,
 year = {1998},
 issn = {1084-4309},
 pages = {563--580},
 numpages = {18},
 url = {http://doi.acm.org/10.1145/296333.296345},
 doi = {10.1145/296333.296345},
 acmid = {296345},
 publisher = {ACM},
 address = {New York, NY, USA},
 keywords = {ARM processor, abstract state machines, design verification, formal verification, pipelined processors, pipelining},
}

@inproceedings{levitt1997,
 author = {Levitt, Jeremy and Olukotun, Kunle},
 title = {Verifying Correct Pipeline Implementation for Microprocessors},
 booktitle = {Proceedings of the 1997 IEEE/ACM International Conference on Computer-aided Design},
 series = {ICCAD '97},
 year = {1997},
 isbn = {0-8186-8200-0},
 location = {San Jose, California, USA},
 pages = {162--169},
 numpages = {8},
 url = {http://dl.acm.org/citation.cfm?id=266388.266456},
 acmid = {266456},
 publisher = {IEEE Computer Society},
 address = {Washington, DC, USA},
} 

@Inbook{Aagaard2001,
author="Aagaard, Mark D.
and Cook, Byron
and Day, Nancy A.
and Jones, Robert B.",
editor="Margaria, Tiziana
and Melham, Tom",
title="A Framework for Microprocessor Correctness Statements",
bookTitle="Correct Hardware Design and Verification Methods: 11th IFIP WG 10.5 Advanced Research Working Conference, CHARME 2001 Livingston, Scotland, UK, September 4--7, 2001 Proceedings",
year="2001",
publisher="Springer Berlin Heidelberg",
address="Berlin, Heidelberg",
pages="433--448",
isbn="978-3-540-44798-6",
doi="10.1007/3-540-44798-9_33",
url="http://dx.doi.org/10.1007/3-540-44798-9_33"
}

@book{Hennessy-2003,
 author = {Hennessy, John L. and Patterson, David A.},
 title = {Computer Architecture: A Quantitative Approach},
 year = {2003},
 isbn = {1558607242},
 edition = {3},
 publisher = {Morgan Kaufmann Publishers Inc.},
 address = {San Francisco, CA, USA}
} 

@phdthesis{Hosabettu2000,
    title    = {Systematic Verification of Pipelined Microprocessors},
    school   = {The University of Utah},
    author   = {Ravi Mohan Hosabettu},
    year     = {2000} 
}

@phdthesis{kechengthesis,
    title    = {Equivalence Checking for High-Assurance Behavioral Synthesis},
    school   = {Portland State Univeristy},
    author   = {Hao, Kecheng},
    year     = {2013} 
}

@phdthesis{19,
    title    = {Verified high-level synthesis},
    school   = {Portland State Univeristy},
    author   = {Chapman, R.O},
    year     = {1994} 
}

@Article{Jacobi2002,
  author =       "Christian Jacobi",
  title =        "Formal Verification of Complex Out-of-Order Pipelines
                 by Combining Model-Checking and Theorem-Proving",
  volume =       "2404",
  pages =        "309",
  year =         "2002",
  CODEN =        "LNCSD9",
  ISSN =         "0302-9743 (print), 1611-3349 (electronic)",
  ISSN-L =       "0302-9743",
  bibdate =      "Sat Nov 30 20:57:05 MST 2002",
  bibsource =    "http://link.springer-ny.com/link/service/series/0558/tocs/t2404.htm;
                 http://www.math.utah.edu/pub/tex/bib/lncs2002e.bib",
  URL =          "http://link.springer.de/link/service/series/0558/bibs/2404/24040309.htm;
                 http://link.springer.de/link/service/series/0558/papers/2404/24040309.pdf",
  acknowledgement = ack-nhfb,
}

@article{sud-2010,
author = {Sudarshan K. Srinivasan},
title = {Automatic Refinement Checking of Pipelines with Out-of-Order Execution},
journal = {IEEE Transactions on Computers},
volume = {59},
number = {undefined},
issn = {0018-9340},
year = {2010},
pages = {1138-1144},
doi = {doi.ieeecomputersociety.org/10.1109/TC.2010.18},
publisher = {IEEE Computer Society},
address = {Los Alamitos, CA, USA}
}

@inproceedings{llvm-phi-Jordans,
 author = {Jordans, Roel and Corporaal, Henk},
 title = {High-level Software-pipelining in LLVM},
 booktitle = {Proceedings of the 18th International Workshop on Software and Compilers for Embedded Systems},
 series = {SCOPES '15},
 year = {2015},
 isbn = {978-1-4503-3593-5},
 location = {Sankt Goar, Germany},
 pages = {97--100},
 numpages = {4},
 url = {http://doi.acm.org/10.1145/2764967.2771935},
 doi = {10.1145/2764967.2771935},
 acmid = {2771935},
 publisher = {ACM},
 address = {New York, NY, USA},
 keywords = {LLVM, software-pipelining},
} 

@Inbook{hls-book-2007,
author="Bergamaschi, Reinaldo A.",
editor="Reis, Ricardo
and Lubaszewski, Marcelo
and Jess, Jochen A.G.",
title="Behavioral Synthesis: an Overview",
bookTitle="Design of Systems on a Chip: Design and Test",
year="2007",
publisher="Springer US",
address="Boston, MA",
pages="103--131",
isbn="978-0-387-32500-2",
doi="10.1007/0-387-32500-X_6",
url="http://dx.doi.org/10.1007/0-387-32500-X_6"
}

@TECHREPORT{vivado,
  AUTHOR =        {Tom Feist},
  TITLE =         {White Paper: Vivado Design Suite},
  INSTITUTION =   {Xilinx},
  MONTH =         {June},
  YEAR  =         {2012},
  URL   =         {http://www.xilinx.com/support/documentation/white_papers/wp416-Vivado-Design-Suite.pdf}
}

@inproceedings{Yang2013,
 author = {Yang, Zhenkun and Ray, Sandip and Hao, Kecheng and Xie, Fei},
 title = {Handling Design and Implementation Optimizations in Equivalence Checking for Behavioral Synthesis},
 booktitle = {Proceedings of the 50th Annual Design Automation Conference},
 series = {DAC '13},
 year = {2013},
 isbn = {978-1-4503-2071-9},
 location = {Austin, Texas},
 pages = {117:1--117:6},
 articleno = {117},
 numpages = {6},
 url = {http://doi.acm.org/10.1145/2463209.2488878},
 doi = {10.1145/2463209.2488878},
 acmid = {2488878},
 publisher = {ACM},
 address = {New York, NY, USA},
 keywords = {behavioral synthesis, equivalence checking, optimization},
}

@inproceedings{zhenkun2,
  author    = {Zhenkun Yang and
               Kecheng Hao and
               Kai Cong and
               Li Lei and
               Sandip Ray and
               Fei Xie},
  title     = {Validating scheduling transformation for behavioral synthesis},
  booktitle = {2016 Design, Automation {\&} Test in Europe Conference {\&}
               Exhibition, {DATE} 2016, Dresden, Germany, March 14-18, 2016},
  pages     = {1652--1657},
  year      = {2016},
  url       = {http://ieeexplore.ieee.org/xpl/freeabs_all.jsp?arnumber=7459577},
  timestamp = {Tue, 03 May 2016 14:02:41 +0200},
  biburl    = {http://dblp.uni-trier.de/rec/bib/conf/date/YangHCLRX16},
  bibsource = {dblp computer science bibliography, http://dblp.org}
}

@inproceedings{zhenkun3,
  author    = {Zhenkun Yang and
               Kecheng Hao and
               Kai Cong and
               Li Lei and
               Sandip Ray and
               Fei Xie},
  title     = {Scalable Certification Framework for Behavioral Synthesis Front-End},
  booktitle = {The 51st Annual Design Automation Conference 2014, {DAC} '14, San
               Francisco, CA, USA, June 1-5, 2014},
  pages     = {149:1--149:6},
  year      = {2014},
  url       = {http://doi.acm.org/10.1145/2593069.2593209},
  doi       = {10.1145/2593069.2593209},
  timestamp = {Fri, 24 Apr 2015 14:24:52 +0200},
  biburl    = {http://dblp.uni-trier.de/rec/bib/conf/dac/YangHCLRX14},
  bibsource = {dblp computer science bibliography, http://dblp.org}
}

@article{hol-acl2,
 author = {Angelo, C. M. and Verkest, D. and Claesen, L. and De Man, H.},
 title = {On the Comparison of HOL and Boyer-Moore for Formal Hardware Verification},
 journal = {Form. Methods Syst. Des.},
 issue_date = {Feb. 1993},
 volume = {2},
 number = {1},
 month = feb,
 year = {1993},
 issn = {0925-9856},
 pages = {45--72},
 numpages = {28},
 url = {http://dx.doi.org/10.1007/BF01383943},
 doi = {10.1007/BF01383943},
 acmid = {175778},
 publisher = {Kluwer Academic Publishers},
 address = {Hingham, MA, USA},
 keywords = {verification alternatives},
}

@Inbook{cohn,
author="Cohn, Avra",
editor="Colburn, Timothy R.
and Fetzer, James H.
and Rankin, Terry L.",
title="The Notion of Proof in Hardware Verification",
bookTitle="Program Verification: Fundamental Issues in Computer Science",
year="1993",
publisher="Springer Netherlands",
address="Dordrecht",
pages="359--374",
isbn="978-94-011-1793-7",
doi="10.1007/978-94-011-1793-7_16",
url="http://dx.doi.org/10.1007/978-94-011-1793-7_16"
}

@inproceedings{Leviathan:2002,
 author = {Leviathan, Raya and Pnueli, Amir},
 title = {Validating Software Pipelining Optimizations},
 booktitle = {Proceedings of the 2002 International Conference on Compilers, Architecture, and Synthesis for Embedded Systems},
 series = {CASES '02},
 year = {2002},
 isbn = {1-58113-575-0},
 location = {Grenoble, France},
 pages = {280--287},
 numpages = {8},
 url = {http://doi.acm.org/10.1145/581630.581676},
 doi = {10.1145/581630.581676},
 acmid = {581676},
 publisher = {ACM},
 address = {New York, NY, USA},
 keywords = {compilers, optimization, pipeline processors, translation validation, verification},
}

@TechReport{Doshi:1999,
  author =       "Gautam Doshi",
  title =        "Understanding the {IA-64} Architecture",
  type =         "Technical report",
  pages =        "65",
  day =          "31",
  month =        aug,
  year =         "1999",
  bibdate =      "Fri Jan 05 09:43:01 2001",
  bibsource =    "http://www.math.utah.edu/pub/tex/bib/master.bib;
                 http://www.math.utah.edu/pub/tex/bib/intel-ia-64.bib",
  URL =          "http://developer.intel.com/design/ia-64/idfisa/index.htm",
  acknowledgement = ack-nhfb,
}

@inproceedings{Kroening1,
  added-at = {2006-02-10T00:00:00.000+0100},
  author = {Clarke, Edmund M. and Kroening, Daniel and Yorav, Karen},
  biburl = {http://www.bibsonomy.org/bibtex/210091d01922aa5448a408611fdc39ed8/dblp},
  booktitle = {DAC},
  ee = {http://doi.acm.org/10.1145/775832.775928},
  interhash = {56a730ae43a67ae952358e9b0d5e55ad},
  intrahash = {10091d01922aa5448a408611fdc39ed8},
  isbn = {1-58113-688-9},
  keywords = {dblp},
  pages = {368-371},
  publisher = {ACM},
  timestamp = {2011-12-01T11:39:37.000+0100},
  title = {Behavioral consistency of C and verilog programs using bounded model checking.},
  url = {http://dblp.uni-trier.de/db/conf/dac/dac2003.html#ClarkeKY03},
  year = 2003
}


@article{Kundu:2009,
 author = {Kundu, Sudipta and Tatlock, Zachary and Lerner, Sorin},
 title = {Proving Optimizations Correct Using Parameterized Program Equivalence},
 journal = {SIGPLAN Not.},
 issue_date = {June 2009},
 volume = {44},
 number = {6},
 month = jun,
 year = {2009},
 issn = {0362-1340},
 pages = {327--337},
 numpages = {11},
 url = {http://doi.acm.org/10.1145/1543135.1542513},
 doi = {10.1145/1543135.1542513},
 acmid = {1542513},
 publisher = {ACM},
 address = {New York, NY, USA},
 keywords = {compiler optimization, correctness, translation validation}
} 

@book{coq,
   title = "Interactive theorem proving and program development : Coq'Art : the calculus of inductive constructions",
   author = "Bertot, Yves and Castéran, Pierre and Huet, Gérard (informaticien) and Paulin-Mohring, Christine",
   series = "Texts in theoretical computer science",
   publisher = "Springer",
   address = "Berlin, New York",
   url = "http://opac.inria.fr/record=b1101046",
   isbn = "978-3-540-20854-9",
   note = "Données complémentaires http://coq.inria.fr",
   year = 2004
}

@book{hol,
 editor = {Gordon, M. J. C. and Melham, T. F.},
 title = {Introduction to HOL: A Theorem Proving Environment for Higher Order Logic},
 year = {1993},
 isbn = {0-521-44189-7},
 publisher = {Cambridge University Press},
 address = {New York, NY, USA},
} 

@inproceedings{Clarke:2005,
 author = {Clarke, Edmund and Kroening, Daniel and Sharygina, Natasha and Yorav, Karen},
 title = {SATABS: SAT-Based Predicate Abstraction for ANSI-C},
 booktitle = {Proceedings of the 11th International Conference on Tools and Algorithms for the Construction and Analysis of Systems},
 series = {TACAS'05},
 year = {2005},
 isbn = {3-540-25333-5, 978-3-540-25333-4},
 location = {Edinburgh, UK},
 pages = {570--574},
 numpages = {5},
 url = {http://dx.doi.org/10.1007/978-3-540-31980-1_40},
 doi = {10.1007/978-3-540-31980-1_40},
 acmid = {2140705},
 publisher = {Springer-Verlag},
 address = {Berlin, Heidelberg},
}

@inproceedings{hu,
  added-at = {2014-09-22T00:00:00.000+0200},
  author = {Hu, Alan},
  biburl = {http://www.bibsonomy.org/bibtex/2f2bc879d369ece3bef92437a5a3ae518/dblp},
  booktitle = {ICCD},
  ee = {http://dx.doi.org/10.1109/ICCD.2006.4380828},
  interhash = {b68a9052a7758f061a72b29b8fcd1743},
  intrahash = {f2bc879d369ece3bef92437a5a3ae518},
  isbn = {978-0-7803-9707-1},
  keywords = {dblp},
  pages = {274-279},
  publisher = {IEEE},
  timestamp = {2015-06-19T09:23:35.000+0200},
  title = {High-Level vs. RTL Combinational Equivalence: An Introduction.},
  url = {http://dblp.uni-trier.de/db/conf/iccd/iccd2006.html#Hu06},
  year = 2006
}

@inproceedings{36,
  added-at = {2014-09-22T00:00:00.000+0200},
  author = {Yang, Jin and Seger, Carl-Johan H.},
  biburl = {http://www.bibsonomy.org/bibtex/24323a6eecaa3fdfb6c73c6985c4fb52a/dblp},
  booktitle = {ICCD},
  ee = {http://doi.ieeecomputersociety.org/10.1109/ICCD.2001.955052},
  interhash = {3e0f496b512ca740fae1de8c97affb10},
  intrahash = {4323a6eecaa3fdfb6c73c6985c4fb52a},
  isbn = {0-7695-1200-3},
  keywords = {dblp},
  pages = {360-367},
  publisher = {IEEE Computer Society},
  timestamp = {2015-06-19T09:16:59.000+0200},
  title = {Introduction to Generalized Symbolic Trajectory Evaluation.},
  url = {http://dblp.uni-trier.de/db/conf/iccd/iccd2001.html#YangS01},
  year = 2001
}

@INPROCEEDINGS{21,
    author = {Richard Johnson and Keshav Pingali},
    title = {Dependence-Based Program Analysis},
    booktitle = {In Proceedings of the SIGPLAN '93 Conference on Programming Language Design and Implementation},
    year = {1993},
    pages = {78--89}
}

@article{22,
 author = {Hoare, C. A. R.},
 title = {Communicating Sequential Processes},
 journal = {Commun. ACM},
 issue_date = {Aug. 1978},
 volume = {21},
 number = {8},
 month = aug,
 year = {1978},
 issn = {0001-0782},
 pages = {666--677},
 numpages = {12},
 url = {http://doi.acm.org/10.1145/359576.359585},
 doi = {10.1145/359576.359585},
 acmid = {359585},
 publisher = {ACM},
 address = {New York, NY, USA},
 keywords = {classes, concurrency, conditional critical regions, coroutines, data representations, guarded commands, input, iterative arrays, monitors, multiple entries, multiple exits, nondeterminacy, output, parallel programming, procedures, program structures, programming, programming languages, programming primitives, recursion},
}

@article{23,
 author = {Gordon, Mike and Iyoda, Juliano and Owens, Scott and Slind, Konrad},
 title = {Automatic Formal Synthesis of Hardware from Higher Order Logic},
 journal = {Electron. Notes Theor. Comput. Sci.},
 issue_date = {January, 2006},
 volume = {145},
 month = jan,
 year = {2006},
 issn = {1571-0661},
 pages = {27--43},
 numpages = {17},
 url = {http://dx.doi.org/10.1016/j.entcs.2005.10.003},
 doi = {10.1016/j.entcs.2005.10.003},
 acmid = {1706997},
 publisher = {Elsevier Science Publishers B. V.},
 address = {Amsterdam, The Netherlands, The Netherlands},
 keywords = {Theorem proving, compiling, hardware synthesis},
} 

@Inbook{24,
author="Schneider, Klaus",
editor="Kleinjohann, Bernd",
title="A Verified Hardware Synthesis of Esterel Programs",
bookTitle="Architecture and Design of Distributed Embedded Systems: IFIP WG10.3/WG10.4/WG10.5 International Workshop on Distributed and Parallel Embedded Systems (DIPES 2000) October 18--19, 2000, Schlo{\ss} Eringerfeld, Germany",
year="2001",
publisher="Springer US",
address="Boston, MA",
pages="205--214",
isbn="978-0-387-35409-5",
doi="10.1007/978-0-387-35409-5_20",
url="http://dx.doi.org/10.1007/978-0-387-35409-5_20"
}

@inproceedings{33,
 author = {Savoj, Hamid and Berthelot, David and Mishchenko, Alan and Brayton, Robert},
 title = {Combinational Techniques for Sequential Equivalence Checking},
 booktitle = {Proceedings of the 2010 Conference on Formal Methods in Computer-Aided Design},
 series = {FMCAD '10},
 year = {2010},
 location = {Lugano, Switzerland},
 pages = {145--150},
 numpages = {6},
 url = {http://dl.acm.org/citation.cfm?id=1998496.1998524},
 acmid = {1998524},
 publisher = {FMCAD Inc},
 address = {Austin, TX},
} 

@inproceedings{34,
  author    = {Daher Kaiss and
               Silvian Goldenberg and
               Zurab Khasidashvili},
  title     = {Seqver : {A} Sequential Equivalence Verifier for Hardware Designs},
  booktitle = {24th International Conference on Computer Design {(ICCD} 2006), 1-4
               October 2006, San Jose, CA, {USA}},
  pages     = {267--273},
  year      = {2006},
  url       = {http://dx.doi.org/10.1109/ICCD.2006.4380827},
  doi       = {10.1109/ICCD.2006.4380827},
  timestamp = {Mon, 22 Sep 2014 16:50:06 +0200},
  biburl    = {http://dblp.uni-trier.de/rec/bib/conf/iccd/KaissGK06},
  bibsource = {dblp computer science bibliography, http://dblp.org}
}

@inproceedings{Matsumoto,
 author = {Matsumoto, Takeshi and Saito, Hiroshi and Fujita, Masahiro},
 title = {Equivalence Checking of C Programs by Locally Performing Symbolic Simulation on Dependence Graphs},
 booktitle = {Proceedings of the 7th International Symposium on Quality Electronic Design},
 series = {ISQED '06},
 year = {2006},
 isbn = {0-7695-2523-7},
 pages = {370--375},
 numpages = {6},
 url = {http://dx.doi.org/10.1109/ISQED.2006.61},
 doi = {10.1109/ISQED.2006.61},
 acmid = {1126780},
 publisher = {IEEE Computer Society},
 address = {Washington, DC, USA}
 }





